<record><leader>00000cas a2200000 a 4500</leader><controlfield tag="001">36414088</controlfield><controlfield tag="008">970219d19331977miuwr n       0    0eng c</controlfield><datafield ind1=" " ind2=" " tag="010"><subfield code="a">sn 97063219 </subfield></datafield><datafield ind1=" " ind2=" " tag="040"><subfield code="a">MHN</subfield><subfield code="b">eng</subfield><subfield code="c">MHN</subfield><subfield code="d">OCL</subfield><subfield code="d">OCLCQ</subfield><subfield code="d">OCLCF</subfield><subfield code="d">OCLCO</subfield></datafield><datafield ind1="1" ind2=" " tag="029"><subfield code="a">AU@</subfield><subfield code="b">000013092711</subfield></datafield><datafield ind1=" " ind2=" " tag="042"><subfield code="a">pcc</subfield></datafield><datafield ind1=" " ind2=" " tag="043"><subfield code="a">n-us-mi</subfield></datafield><datafield ind1="0" ind2=" " tag="130"><subfield code="a">Vicksburg commercial (Vicksburg, Mich. : 1933)</subfield></datafield><datafield ind1="1" ind2="4" tag="245"><subfield code="a">The Vicksburg commercial.</subfield></datafield><datafield ind1="1" ind2="3" tag="246"><subfield code="a">Vicksburg semi-weekly commercial</subfield></datafield><datafield ind1="3" ind2=" " tag="246"><subfield code="a">Vicksburg semiweekly commercial</subfield></datafield><datafield ind1=" " ind2=" " tag="260"><subfield code="a">Vicksburg, Mich. :</subfield><subfield code="b">John B. Penfield Co.</subfield></datafield><datafield ind1=" " ind2=" " tag="300"><subfield code="a">v.</subfield></datafield><datafield ind1=" " ind2=" " tag="310"><subfield code="a">Weekly,</subfield><subfield code="b">Nov. 6, 1942-</subfield></datafield><datafield ind1=" " ind2=" " tag="321"><subfield code="a">Semiweekly,</subfield><subfield code="b">Apr. 4, 1933-Oct. 30, 1942</subfield></datafield><datafield ind1="0" ind2=" " tag="362"><subfield code="a">Vol. 33, no. 27 (Apr. 4, 1933)-v. 42, no. 88 (Nov. 6, 1942) ; v. 1, no. 2 (Nov. 13, 1942)-v. 5, no. 50 (Oct. 24, 1947) ; v. 69, no. 1 (Oct. 30, 1947)-v. 78, no. 20 (Feb. 27, 1958) ; 79th yr., no. 21 (Mar. 6, 1958)-99th yr., no. 5 (Nov. 3, 1977).</subfield></datafield><datafield ind1=" " ind2=" " tag="515"><subfield code="a">Issue for: Apr. 4, 1933-Mar. 16, 1950, also have noted on the masthead volume number of last issue of previous weekly edition of paper: Vol. 22, no. 54 or v. 22, no. 52.</subfield></datafield><datafield ind1=" " ind2="0" tag="651"><subfield code="a">Vicksburg (Mich.)</subfield><subfield code="v">Newspapers.</subfield></datafield><datafield ind1=" " ind2="0" tag="651"><subfield code="a">Kalamazoo County (Mich.)</subfield><subfield code="v">Newspapers.</subfield></datafield><datafield ind1=" " ind2="7" tag="655"><subfield code="a">Newspapers.</subfield><subfield code="2">fast</subfield><subfield code="0">(OCoLC)fst01423814</subfield></datafield><datafield ind1=" " ind2="7" tag="651"><subfield code="a">Michigan</subfield><subfield code="z">Kalamazoo County.</subfield><subfield code="2">fast</subfield><subfield code="0">(OCoLC)fst01204722</subfield></datafield><datafield ind1=" " ind2="7" tag="651"><subfield code="a">Michigan</subfield><subfield code="z">Vicksburg.</subfield><subfield code="2">fast</subfield><subfield code="0">(OCoLC)fst01219840</subfield></datafield><datafield ind1=" " ind2=" " tag="752"><subfield code="a">United States</subfield><subfield code="b">Michigan</subfield><subfield code="c">Kalamazoo</subfield><subfield code="d">Vicksburg.</subfield></datafield><datafield ind1="0" ind2="0" tag="780"><subfield code="t">Vicksburg semi-weekly commercial</subfield><subfield code="w">(DLC)sn 97063218</subfield><subfield code="w">(OCoLC)36413223</subfield></datafield><datafield ind1="0" ind2="0" tag="785"><subfield code="t">Commercial-express</subfield><subfield code="w">(DLC)sn 97063220</subfield><subfield code="w">(OCoLC)36413148</subfield></datafield></record>